% See https://www.overleaf.com/learn/latex/Bibliography_management_with_bibtex
@techreport{Veton,
    author =    "Veton KÃ«puska, Gamal Bohouta",
    title =     "Comparing Speech Recognition Systems (Microsoft API, Google API And CMU Sphinx)",
    year =      "2017",
    URL =       "https://s3.amazonaws.com/academia.edu.documents/52251442/D0703022024.pdf?response-content-disposition=inline%3B%20filename%3DComparing_Speech_Recognition_Systems_Mic.pdf&X-Amz-Algorithm=AWS4-HMAC-SHA256&X-Amz-Credential=AKIAIWOWYYGZ2Y53UL3A%2F20191215%2Fus-east-1%2Fs3%2Faws4_request&X-Amz-Date=20191215T130729Z&X-Amz-Expires=3600&X-Amz-SignedHeaders=host&X-Amz-Signature=26581c7c473d61a1c3adf6eb7024a15491d7dafa95a823b4d87bf80b39b16a44"
}

@misc{Microsoft,
    author = "Microsoft",
    title = "Microsoft website",
    year = "2019",
    URL = "https://azure.microsoft.com/en-us/services/cognitive-services/speech-to-text/"
}
