% See https://www.overleaf.com/learn/latex/Bibliography_management_with_bibtex
@techreport{Veton,
    author = "Veton KÃ«puska and Gamal Bohouta",
    title =     "Comparing Speech Recognition Systems (Microsoft API, Google API And CMU Sphinx)",
    year =      "2017",
    URL =       "https://www.researchgate.net/publication/314938892_Comparing_Speech_Recognition_Systems_Microsoft_API_Google_API_And_CMU_Sphinx"
}

@misc{Microsoft,
    author = "{Microsoft}",
    title = "Microsoft website",
    year = "2019",
    URL = "https://azure.microsoft.com/en-us/services/cognitive-services/speech-to-text/"
}


@misc{Siri,
    author = "{Apple inc}",
    title = "Apple website",
    year = "2019",
    URL = "https://www.apple.com/siri/"
}

@misc{MicrosoftAzure,
    author = "{Microsoft Azure}",
    title = "Evaluate accuracy",
    year = "2019",
    URL = "https://docs.microsoft.com/en-us/azure/cognitive-services/speech-service/how-to-custom-speech-evaluate-data"
}
@misc{ResultSet,
    author = "Robin Vonk and Michel Rummens",
    title = "Result set",
    year = "2019",
    URL = "https://docs.google.com/spreadsheets/d/1NH385ixes9ILRXGzjTgCat6tBuEqB1W68g7rxCs6agQ/edit?usp=sharing"
}


